@ARTICLE{BDS,
   author = {J. B. Bell and C. N. Dawson and G. R. Shubin},
    title = {An unsplit, higher order {G}odunov method for scalar conservation laws in
             multiple dimensions},
  journal = {J. Comput. Phys.},
  volume  = {74},
     year = {1988},
  pages   = {1-24}
}

@ARTICLE{BDS3d,
   author = {A. Nonaka and S. May and A. S. Almgren and J. B. Bell},
    title = {A three-dimensional, unsplit {G}odunov method for scalar conservation laws},
  journal = {SIAM J. Sci. Comput.},
  volume  = {33},
  number = {4},
     year = {2011},
  pages   = {2039-2062}
}
