@article{Esplandiu16,
  title={Key parameters controlling the performance of catalytic motors},
  author={Esplandiu, Maria J and Afshar Farniya, Ali and Reguera, David},
  journal={The Journal of chemical physics},
  volume={144},
  number={12},
  pages={124702},
  year={2016},
  publisher={AIP Publishing}
}


@article{MoranPosner11,
  title={Electrokinetic locomotion due to reaction-induced charge auto-electrophoresis},
  author={Moran, Jeffrey L and Posner, Jonathan D},
  journal={Journal of Fluid Mechanics},
  volume={680},
  pages={31--66},
  year={2011},
  publisher={Cambridge University Press}
}


@article{LowMachElectro,
  title = {Low Mach number fluctuating hydrodynamics for electrolytes},
  author = {P\'eraud, Jean-Philippe and Nonaka, Andy and Chaudhri, Anuj and Bell, John B. and Donev, Aleksandar and Garcia, Alejandro L.},
  journal = {Phys. Rev. Fluids},
  volume = {1},
  issue = {7},
  pages = {074103},
  numpages = {27},
  year = {2016},
  month = {Nov},
  publisher = {American Physical Society},
  doi = {10.1103/PhysRevFluids.1.074103},
  url = {https://link.aps.org/doi/10.1103/PhysRevFluids.1.074103}
}


@article{LowMachMulti,
  title={Low Mach number fluctuating hydrodynamics of multispecies liquid mixtures},
  author={A. Donev and A. Nonaka and A. K. Bhattacharjee and A. L. Garcia and J. B. Bell},
  journal={Physics of Fluids (1994-present)},
  volume={27},
  number={3},
  pages={037103},
  year={2015},
  publisher={AIP Publishing}
}


@article{LowMachImplicit,
  title={Low Mach number fluctuating hydrodynamics of binary liquid mixtures},
  author={A. Nonaka and Y. Sun and J. B. Bell and A. Donev},
  journal={Comm. App. Math. and Comp. Sci.},
  volume={10},
  number={2},
  year={2015},
  publisher={Mathematical Sciences Publishers}
}

@article{LowMachMixing,
  title={Low mach number fluctuating hydrodynamics of diffusively mixing fluids},
  author={A. Donev and A. Nonaka and Y. Sun and T. G. Fai and A. L. Garcia and J. B. Bell},
  journal={Comm. App. Math. and Comp. Sci.},
  volume={9},
  number={1},
  year={2014},
  publisher={Mathematical Sciences Publishers}
}

@article{StokesPreconditioners,
  author = {M. Cai and A. Nonaka and J. B. Bell and B. E. Griffith and A. Donev},
  title = {Efficient Variable-Coefficient Finite-Volume Stokes Solvers},
  journal = {Commun. Comput. Phys.},
  volume = {16},
  issue = {05},
  year = {2014}
}
