@article{Gillespie2007,
  title={Stochastic simulation of chemical kinetics},
  author={Gillespie, D. T.},
  journal={Annu. Rev. Phys. Chem.},
  volume={58},
  pages={35--55},
  year={2007},
  publisher={Annual Reviews}
}

@article{AndersonMattingly2011,
  title={A weak trapezoidal method for a class of stochastic differential equations},
  author={Anderson, D. F. and Mattingly, J. C.},
  journal={Commun. Math. Sci.},
  volume={9},
  number={1},
  pages={301--318},
  year={2011}
}

@article{Einkemmer:2014,
  title={{Overcoming order reduction in diffusion-reaction splitting. Part 1: Dirichlet boundary conditions}},
  author={Einkemmer, L. and Ostermann, A.},
  journal={arXiv preprint arXiv:1411.0465},
  year={2014}
}

@article{HuLiMin2011,
  title={A weak second order tau-leaping method for chemical kinetic systems},
  author={Hu, Y. and Li, T. and Min, B.},
  journal={J. Chem. Phys.},
  volume={135},
  pages={024113},
  year={2011}
}
