@ARTICLE{DayBell:2000,
  author={M. S. Day and J. B. Bell},
  title={Numerical simulation of laminar reacting flows with complex chemistry},
  journal={Combust. Theor. Model.},
  volume={4},
  number={4},
  pages={535-556},
  year={2000}
 }

@ARTICLE{MAESTROI,
   author = {A. S. Almgren and J. B. Bell and C. A. Rendleman and M. Zingale},
    title = {Low {M}ach number modeling of {T}ype {I}a supernovae. {I}. {H}ydrodynamics},
  journal = {Astrophys. J.},
   volume = {637},
    pages = {922-936},
     year = {2006}
}

@ARTICLE{MAESTROIII,
   author = {A. S. Almgren and J. B. Bell and A. Nonaka and M. Zingale},
    title = {Low {M}ach number modeling of {T}ype {I}a supernovae. {III}. {R}eactions},
  journal = {Astrophys. J.},
   volume = {684},
    pages = {449-470},
     year = {2008}
}
