@article{Gillespie2007,
  title={Stochastic simulation of chemical kinetics},
  author={Gillespie, Daniel T},
  journal={Annu. Rev. Phys. Chem.},
  volume={58},
  pages={35--55},
  year={2007},
  publisher={Annual Reviews}
}

@article{AndersonMattingly2011,
  title={A weak trapezoidal method for a class of stochastic differential equations},
  author={Anderson, D. F. and Mattingly, J. C.},
  journal={Commun. Math. Sci.},
  volume={9},
  number={1},
  pages={301--318},
  year={2011}
}
