@article{LowMachMulti,
  title={Low Mach number fluctuating hydrodynamics of multispecies liquid mixtures},
  author={A. Donev and A. Nonaka and A. K. Bhattacharjee and A. L. Garcia and J. B. Bell},
  journal={Physics of Fluids (1994-present)},
  volume={27},
  number={3},
  pages={037103},
  year={2015},
  publisher={AIP Publishing}
}


@article{LowMachImplicit,
  title={Low Mach number fluctuating hydrodynamics of binary liquid mixtures},
  author={A. Nonaka and Y. Sun and J. B. Bell and A. Donev},
  journal={Comm. App. Math. and Comp. Sci.},
  volume={10},
  number={2},
  year={2015},
  publisher={Mathematical Sciences Publishers}
}

@article{LowMachMixing,
  title={Low mach number fluctuating hydrodynamics of diffusively mixing fluids},
  author={A. Donev and A. Nonaka and Y. Sun and T. G. Fai and A. L. Garcia and J. B. Bell},
  journal={Comm. App. Math. and Comp. Sci.},
  volume={9},
  number={1},
  year={2014},
  publisher={Mathematical Sciences Publishers}
}

@article{StokesPreconditioners,
  author = {M. Cai and A. Nonaka and J. B. Bell and B. E. Griffith and A. Donev},
  title = {Efficient Variable-Coefficient Finite-Volume Stokes Solvers},
  journal = {Commun. Comput. Phys.},
  volume = {16},
  issue = {05},
  year = {2014}
}
